@misc{whitehouse2024,
	author    = {The White House},
	title     = {Memory Safe Programming Languages: Transitioning from C and C++},
	year      = {2024},
	month     = {February},
	url       = {https://bidenwhitehouse.archives.gov/wp-content/uploads/2024/02/Final-ONCD-Technical-Report.pdf},
}